3159 4859
755 341 775 403 8

150 584 153 591 ·
194 562 269 629 libri
291 570 486 629 consecutus
514 572 573 633 est
620 564 706 631 Vide
733 567 849 651 igitur,
877 586 919 633 ne
942 562 1141 631 Censorinus
1168 564 1340 650 scripsere

197 682 254 760 „eo
275 696 313 741 re
333 674 465 761 gratoa“
488 676 578 761 qnod
599 677 642 743 ad
665 681 860 745 sententiam
875 681 999 765 optime
1014 676 1177 762 quadrare
1192 676 1338 760 videtur3

195 810 270 855 uam
300 791 371 855 sine
402 788 502 857 dubio
524 790 636 857 voluit
657 792 766 859 dicere
799 795 956 878 scriptore
990 813 1027 857 re
1057 790 1199 877 probant
1225 798 1340 877 gratos

195 901 321 969 habere
341 923 378 968 se
400 903 534 968 animos.
619 923 623 931 “

240 1043 242 1046 ’
283 1048 359 1117 Jam
384 1053 534 1136 saepius,
564 1046 642 1135 sed,
673 1060 710 1116 ut
731 1050 878 1135 videtur,
906 1052 1007 1135 111111,
1037 1060 1182 1117 tentatus
1206 1058 1258 1116 est
1286 1051 1341 1113 hic

195 1164 289 1229 locus
321 1186 348 1228 1.
370 1160 417 1228 Χ.
447 1184 478 1249 p.
501 1164 551 1229 23.
577 1164 617 1229 19
645 1162 678 1231 J.
708 1166 759 1250 (p.
784 1166 834 1229 16.
856 1163 898 1229 rt
927 1164 1008 1248 H.):
1055 1164 1170 1244 „Inter
1197 1162 1340 1229 infimam

197 1296 422 1361 summamque
433 1297 548 1342 vocem
570 1277 673 1341 multa
697 1296 769 1343 esse
791 1289 931 1363 possunt
947 1281 982 1341 in
1000 1274 1115 1343 ordine
1132 1280 1241 1364 posita
1256 1297 1340 1361 quae

198 1388 394 1455 diastemata
415 1386 480 1453 alia
502 1388 574 1454 allis
597 1390 721 1454 maiora
742 1392 939 1455 minorave.“
983 1387 1090 1455 Recte
1113 1396 1254 1471 statuat,
1285 1390 1342 1475 qui

203 1501 327 1585 „quae“
356 1522 422 1565 non
444 1500 829 1587 interpolatum‘putant‚
858 1500 918 1567 sed
941 1524 959 1567 e
981 1523 1072 1567 more
1093 1502 1217 1567 librarii
1239 1499 1341 1567 Colo-

198 1614 320 1679 niensis
342 1610 447 1679 falsos
463 1615 600 1699 criptum
623 1636 683 1701 pro
709 1617 824 1700 „que“.
846 1614 967 1680 Errant
988 1624 1098 1681 antem
1119 1614 1228 1696 iidem,
1251 1612 1340 1699 quod

202 1726 304 1813 „que“
328 1729 498 1813 transponi
519 1726 644 1793 volunt.
687 1726 772 1793 Nam
795 1729 878 1793 haec
900 1730 1084 1815 conjunctio
1108 1738 1160 1794 est
1186 1750 1245 1792 suo
1268 1728 1342 1792 loco

199 1839 327 1923 posita3
357 1840 401 1903 at
414 1838 517 1905 verba
540 1842 594 1923 „in
616 1838 748 1905 ordine“
773 1839 1017 1926 transponenda
1039 1842 1115 1905 sun't
1137 1860 1243 1925 eaque
1265 1846 1343 1926 post

200 1949 435 2036 ‚‚positaque'“3
458 1948 548 2035 quod
563 1954 595 2017 si·
612 1952 749 2035 feceris,
771 1952 846 2017 loco
868 1952 933 2017 eris
956 1952 1144 2037 opitulatus.

287 2096 446 2167 Ultimum
469 2096 611 2185 denique
633 2098 740 2163 locum
762 2097 1011 2185 aggrediamur,
1042 2122 1108 2183 quo
1133 2098 1342 2165 Censorimus

200 2210 280 2318 illud
296 2211 577 2296 Xenophonteum
600 2205 686 2299 ,ἐγώ
712 2208 747 2277 δὲ
769 2210 893 2295 νομίζω
912 2205 950 2277 τὸ
965 2209 1023 2294 μὲν
1042 2204 1184 2299 μηδενὸς
1203 2210 1344 2277 δέεσθαι

202 2329 292 2391 θεῖον
313 2316 415 2389 εἶναι·
445 2320 483 2390 τὸ
507 2314 584 2399 δ’ὠς
605 2320 784 2405 ἐλαχίστων
805 2318 965 2412 ἐγγυτάτω
987 2325 1044 2393 τοῦ
1067 2322 1164 2392 θείου
1192 2324 1343 2409 (Memor.

199 2436 224 2501 I.
249 2437 278 2499 6.
303 2437 358 2523 10)
381 2440 547 2523 expressit
576 2437 640 2502 hoc
661 2436 760 2521 modo
783 2459 811 2501 c
832 2436 858 2500 Ι.
879 2459 911 2523 p.
934 2439 964 2500 4.
986 2459 1018 2499 v.
1041 2438 1060 2501 6
1083 2436 1115 2501 J.
1139 2437 1245 2517 (1111
1268 2434 1343 2518 H.):

201 2548 321 2635 „Quod
355 2551 439 2635 enim
471 2548 662 2635 Xenophon
693 2548 881 2615 Socraticus
915 2548 1010 2630 dicit,
1044 2548 1125 2615 nihil
1159 2568 1260 2633 egere
1293 2554 1345 2611 est

201 2661 352 2744 deorum,
392 2683 490 2747 quam
519 2664 650 2727 minime
679 2670 788 2729 autem
817 2665 1003 2749 proximum
1033 2684 1054 2725 a
1083 2661 1177 2725 diis“.
1220 2659 1259 2724 In
1292 2659 1344 2723 his

200 2775 371 2844 vocabulis
402 2774 541 2843 offendit
569 2774 666 2841 valde
690 2776 880 2859 „minime“,
914 2796 989 2838 nam
1017 2774 1060 2839 de
1079 2774 1189 2839 verbis
1222 2793 1344 2857 „egere

202 2896 236 2953 et
263 2888 410 2975 indigere
418 2890 438 2925 “
476 2886 649 2975 iungendis
683 2910 756 2953 cum
791 2869 958 2954 adverbiis
987 2894 1099 2952 tacent
1132 2887 1343 2973 grammatici

202 3000 270 3071 Sed
299 3001 375 3067 talis
407 3002 592 3089 conjunctio
629 3007 666 3065 ut
693 3001 765 3067 fieri
792 2981 920 3085 possitj
955 2999 1019 3064 hoc
1051 2998 1127 3064 loco
1163 3020 1203 3063 ea
1230 2998 1345 3081 nequit

201 3112 344 3198 admitti,
376 3117 497 3201 qnippe
526 3135 592 3199 qua
620 3115 833 3195 contrarium,
865 3115 894 3178 si
920 3134 986 3177 non
1015 3111 1157 3194 tollitur,
1190 3119 1225 3174 at
1254 3118 1345 3175 certe

202 3228 392 3297 debilitetur
428 3236 462 3292 et
496 3228 701 3313 infringatur.
745 3224 893 3292 Verbum
921 3227 1007 3310 enim
1041 3224 1173 3307 „nihil“
1204 3222 1345 3309 adjecti-

201 3362 278 3407 vum
304 3337 452 3425 postulat
478 3345 523 3413 ut,
544 3344 747 3425 opponatur,
777 3358 844 3404 non
874 3335 1076 3403 adverbium.
1119 3333 1238 3419 Itaque
1260 3335 1345 3398 scri-

201 3452 344 3519 bendum
367 3451 452 3517 duco
475 3473 594 3535 „quam
615 3451 784 3533 minimo“,
813 3472 879 3535 qua
900 3451 1077 3536 scriptione
1100 3447 1237 3513 habebis
1259 3446 1345 3511 huuc

201 3566 309 3637 lorum
332 3564 598 3653 Xenophonteo,
621 3567 712 3631 cuins
733 3565 872 3630 imitatio
895 3570 964 3645 est,
986 3561 1181 3630 similiorem.

733 3852 817 3952 §a

288 4052 323 4120 Is
345 4056 401 4140 qut
422 4061 528 4120 artem
549 4054 694 4121 criticam
716 4060 810 4119 recte
837 4072 996 4117 exercere
1017 4051 1114 4127 velit,
1140 4052 1170 4114 si
1196 4048 1344 4115 codicum

203 4168 405 4255 singulorum
432 4168 540 4253 pretio
569 4166 760 4253 explorato,
790 4167 848 4249 qui
869 4164 970 4231 duces
998 4163 1062 4229 sibi
1087 4165 1154 4229 sint
1174 4160 1344 4247 sequendi,
1455 4185 1459 4193 ¹

203 4282 348 4363 noverit,
381 4276 415 4343 id
437 4280 642 4365 potissimum
662 4283 757 4364 agot,
787 4285 921 4358 111111,
950 4278 980 4340 si
1002 4295 1102 4341 111111
1122 4274 1211 4341 nulla
1233 4276 1344 4341 obstat
