3159 4859
120 556 140 593 ἥ

763 372 788 441 4

288 600 384 666 Alius
406 600 516 683 loeus,
540 615 638 685 quem
659 601 812 669 turbasse
832 600 965 667 videtur
984 608 1161 683 comestor,
1182 601 1347 686 repetitur

204 735 232 779 e.
246 712 331 798 X-p.
347 712 398 778 26.
415 711 474 779 9.]
497 714 542 801 (p.
557 715 596 779 16
613 736 644 779 v.
658 716 697 780 17
712 714 775 798 Η)ε
802 713 890 801 „Sed
904 716 988 781 haee
1002 736 1069 799 qno
1090 717 1157 780 sint
1176 712 1346 780 intellectu

203 830 384 913 apertiora,
413 830 504 913 prius
527 828 638 913 aliqua
661 828 703 895 de
724 832 869 895 musicae
889 829 1014 916 regalis
1035 828 1112 894 haio
1132 829 1207 893 loeo
1222 847 1346 894 neces-

203 942 290 1004 saria
312 938 489 1005 dicentur.“
534 941 619 1006 Post
644 941 815 1009 intellectu
835 963 951 1010 rasura
974 950 1025 1008 est
1046 942 1138 1025 talis,
1159 951 1197 1006 ut
1217 949 1345 1027 partem

202 1052 319 1123 literae
339 1053 456 1122 nri-,tibi
476 1052 620 1121 videaris
643 1075 853 1141 eognoeeere.
897 1055 980 1121 Inde
1008 1055 1117 1121 losum
1139 1073 1346 1139 nequaqnam

204 1184 319 1235 senum
341 1166 440 1242 iaeile
463 1174 516 1233 eet
537 1167 729 1252 emendare;
751 1170 924 1254 scripsisse
939 1170 1024 1235 enim
1038 1175 1119 1255 puto
1131 1166 1345 1233 Censorinum

205 1278 268 1361 „ad
295 1278 498 1348 intellectum
528 1279 723 1365 apertioral‘.
768 1279 899 1366 Omissa
916 1301 1007 1346 -vero
1037 1300 1060 1345 a
1084 1280 1230 1345 librario-
1246 1298 1346 1365 prae-

202 1394 323 1479 positio
352 1412 465 1462 ansam
494 1392 586 1461 dedit
616 1396 796 1461 correctori
825 1394 933 1461 denno
964 1392 1193 1479 corrumpendi
1221 1392 1346 1475 loeum3

202 1526 277 1575 nam
304 1504 470 1571 ablativus
500 1506 558 1593 (de
580 1505 693 1573 dativo
721 1528 789 1573 uon
811 1515 863 1574 est
883 1507 1108 1594 cogitandum)
1138 1506 1194 1572 hie
1212 1505 1348 1578 tolosani

202 1619 334 1701 nequit,
366 1637 466 1702 quum
488 1617 674 1685 intellectus
698 1627 795 1685 extra
815 1640 885 1685 rem
914 1622 957 1685 sit
983 1622 1127 1705 positus,
1155 1641 1223 1684 non
1242 1621 1274 1683 ei
1293 1621 1347 1683 in·-

202 1729 351 1798 haerens.
390 1728 444 1798 Ut
459 1732 557 1816 igitur
579 1728 697 1797 Cicero
712 1730 810 1797 dixit
829 1740 982 1818 ,apertus
1003 1732 1048 1797 ad
1068 1730 1348 1817 nauigandum,

203 1844 250 1911 sie
273 1842 473 1912 Censorinus
495 1846 639 1929 seripsit
653 1848 842 1930 „apertiora
859 1835 904 1911 ad
925 1844 1167 1911 intelleotsrm“.·

289 2068 371 2135 Cum
382 2070 489 2139 semel
504 2072 723 2156 inceperimus
738 2068 954 2137 Censorinum
972 2077 1132 2152 tractare,
1152 2071 1266 2133 statim
1283 2068 1347 2134 boo

202 2182 277 2247 loeo
291 2184 389 2247 etiam
404 2180 485 2247 alies
494 2189 629 2248 nostres
638 2182 885 2248 emendationes
899 2182 1117 2267 proferamus,
1134 2199 1200 2245 non
1212 2188 1346 2247 servato

201 2292 258 2359 illo
290 2293 404 2362 ordine
435 2315 532 2379 quom
560 2303 679 2379 postea
707 2294 902 2370 tenebimus·
921 2298 956 2360 in
975 2294 1116 2360 Platone
1143 2292 1347 2379 eonigendo,

202 2428 244 2473 ne
256 2428 341 2490 qnae
363 2410 448 2473 inter
463 2428 500 2477 se
517 2408 688 2475 coniuncta
710 2416 803 2489 sunt,
826 2406 1027 2471 dirimantur.
1048 2407 1255 2493 Aoprimmn
1269 2408 1347 2491 qni-

203 2519 278 2585 dem
301 2519 491 2584 evolvamus
515 2516 686 2584 aXVIII.
708 2540 740 2605 p.
753 2518 853 2584 51.11
874 2518 899 2585 J
920 2520 965 2603 (p.
983 2520 1088 2585 3617
1108 2518 1174 2599 Hi:
1198 2518 1347 2603 „issem

202 2655 263 2697 nus
295 2632 417 2697 dietum
444 2631 486 2699 de
516 2632 679 2697 saecule:-
706 2652 793 2699 nuno
822 2631 866 2698 de
895 2635 988 2697 annis
1022 2632 1200 2697 maioribus
1230 2630 1346 2711 meam,

204 2766 341 2829 quorum
375 2743 567 2830 magnitudo
601 2744 686 2811 adeo
720 2744 853 2811 diversa
884 2753 951 2809 tam
983 2743 1138 2830 gentibus
1171 2743 1348 2809 observata

204 2878 302 2941 qnam
323 2856 510 2941 auctoribus
532 2856 654 2922 tradita
676 2858 756 2923 est“
795 2858 862 2923 Pro
886 2856 1038 2941 „diversa
1059 2856 1147 2925 tam“
1170 2856 1292 2942 legitur
1313 2857 1348 2919 in

204 2967 393 3035 Coloniensi
417 2968 571 3053 „diversa
592 2970 723 3037 etiam“.
764 2968 865 3051 Qued
885 2990 982 3035 nemo
1002 2989 1070 3035 non
1090 2968 1183 3041 videt
1204 2989 1248 3034 ex
1274 2966 1347 3052 „di-

203 3102 320 3147 versae
348 3082 437 3147 tam“
471 3081 686 3168 depravatum
717 3102 813 3164 esse;
850 3102 951 3168 saepe
978 3083 1068 3147 enim
1098 3080 1204 3145 literis
1234 3101 1256 3143 a
1285 3098 1346 3144 sno

203 3194 550 3280 voeabulosepa'ratis
577 3196 793 3276 factumest,
822 3200 861 3257 ut
890 3196 989 3258 etiam
1010 3192 1113 3258 verba
1132 3198 1346 3273 mutarentur,

204 3306 322 3391 quibus
353 3306 440 3371 illae.
459 3314 679 3371 secesserunt
723 3304 799 3369 Hoe
826 3307 855 3370 si
877 3325 957 3370 vere
979 3304 1247 3390 disputatvbnum.
1267 3300 1347 3387 qnid

203 3417 380 3505 legendum
408 3420 469 3501 sit,
508 3418 718 3482 manifestum
746 3424 806 3483 est.
851 3415 939 3496 Quid
969 3415 1059 3480 alind
1094 3417 1157 3479 nisi
1189 3413 1347 3498 „diverse

203 3530 313 3596 tam“?
335 3529 390 3595 Ad
406 3531 490 3595 hano
503 3530 762 3597 emendationem
777 3527 1018 3595 defendendam
1033 3526 1099 3592 dno
1115 3535 1240 3593 tantum
1252 3528 1347 3593 nobis
1489 3517 1490 3536 ¹

203 3642 365 3708 monenda
395 3664 469 3709 esse
491 3642 654 3708 videntur.
697 3642 844 3707 Primum
873 3663 938 3707 non
967 3640 1069 3706 semel
1096 3642 1130 3704 in
1158 3638 1349 3706 Coloniensi
1489 3655 1490 3668 ¹

203 3757 232 3823 is
255 3776 347 3827 error
368 3757 551 3839 invenitur,
572 3762 608 3821 ut
630 3753 822 3821 adverbium
843 3757 878 3820 in
899 3774 939 3824 ae
962 3760 1078 3835 exeat,
1107 3753 1210 3829 veluti
1231 3752 1282 3817 20.
1306 3751 1347 3815 12

203 3868 375 3954 propriae,
406 3866 457 3931 22.
488 3865 585 3952 utre
615 3875 648 3933 et
677 3866 771 3931 35.5
802 3868 989 3951 proximae,
1025 3866 1077 3936 23.
1106 3866 1347 3949 ermemberto,

204 3981 291 4047 416
314 3979 485 4047 facundae.
515 3978 644 4046 Deinde
663 3977 862 4052 Censorinus
883 3980 917 4043 in
938 3976 998 4044 tali
1021 3984 1196 4059 enudare,
1217 3974 1348 4059 qualem

205 4092 342 4158 exhibet
363 4093 466 4175 loeus,
488 4101 625 4178 usurpat
638 4091 849 4172 adverbium,
870 4112 935 4155 non
950 4089 1164 4170 adiectivum3
1186 4088 1229 4155 of.
1245 4110 1277 4174 p.
1296 4089 1347 4157 15.

206 4206 248 4270 14
269 4206 360 4271 varie
381 4204 424 4269 ab
446 4203 563 4269 iisdem
585 4203 790 4289 philosophie
812 4200 978 4288 proditum
999 4210 1068 4284 est;
1089 4222 1122 4287 p
1145 4201 1229 4267 ese
1247 4222 1349 4287 prae-

204 4324 297 4381 terea
318 4316 412 4381 multi
433 4315 564 4383 diverse
586 4314 832 4401 (seripserunt);
858 4334 891 4399 p.
911 4316 965 4381 43.
989 4314 1031 4380 15
1051 4314 1186 4381 fuerunt
1205 4316 1264 4399 qui
1283 4332 1349 4379 nen
