3159 4859
814 349 855 415 la

266 589 361 655 nobis
390 596 559 655 monstrat.
603 588 690 655 Nam
717 610 750 675 p.
774 590 838 654 294
865 588 897 652 Α
918 588 1088 675 sophistae
1119 608 1158 654 se
1187 589 1295 654 omnia
1324 577 1411 659 wine

265 700 419 787 professo
437 699 593 769 Socrates
611 699 707 767 dicite
726 689 840 778 dm,
855 694 940 789 ἄρηι
949 694 1025 786 ἐγώ,
1041 692 1089 774 ὠς
1099 691 1292 782 θαυμαστὸν
1310 697 1412 786 λέγεις

266 811 321 877 καί
338 806 466 902 ἀγαθόν
483 812 565 902 μίγα
584 802 772 904 πεφάνθαι.
804 813 856 879 Ac
877 817 907 880 ei
929 816 1003 899 quia
1024 814 1132 879 locum
1153 834 1254 899 supra
1275 813 1410 879 allatum

265 914 450 994 assumaris
472 937 698 1014 perscrutatus
721 931 802 1011 erit,
823 932 896 994 sine
917 926 1018 993 dubio
1040 926 1242 995 desiderabit
1262 928 1410 1009 verbisne,

265 1060 333 1125 quo
357 1040 459 1128 λέγειν
488 1044 673 1109 accuratius
689 1041 900 1123 ’definiatur3
932 1060 1009 1105 nam
1036 1028 1204 1106 nominem
1233 1060 1303 1108 rem
1330 1038 1411 1105 nibil

265 1170 346 1219 sane
376 1163 442 1238 est,
472 1157 622 1221 invenire
648 1176 728 1221 vero
756 1156 934 1220 maximum
964 1171 1004 1219 ae
1031 1151 1269 1239 gravissim.
1313 1152 1424 1234 Quod,

265 1270 296 1333 si
316 1266 377 1332 tibi
397 1276 610 1354 persuasero,
640 1266 739 1334 velim
766 1285 895 1333 mecum
924 1286 969 1332 ex
990 1263 1154 1332 vocabulo
1176 1260 1261 1353 ἔφην
1283 1264 1411 1335 efficias

267 1374 425 1469 ἐκφῆναι,
449 1384 496 1446 ita
515 1388 553 1446 'ut
574 1381 657 1447 haec
679 1379 1003 1447 sententla'evadat:
1033 1388 1190 1463 quantam
1211 1398 1281 1445 rem
1304 1378 1412 1445 dicitis

266 1503 328 1557 vos
353 1496 391 1557 in·
407 1494 515 1559 lucem
538 1492 700 1559 edidisset
738 1492 894 1559 Socrates
917 1496 1001 1557 enim
1023 1495 1153 1557 virtutis
1173 1475 1411 1557 institutionem

265 1614 362 1692 putat
385 1628 458 1672 esse
487 1610 582 1691 quasi
603 1606 793 1672 thesaurum
812 1613 903 1670 terra
924 1606 1086 1686 abditntn,
1116 1626 1214 1689 quem
1242 1604 1412 1691 sophistae

266 1720 450 1785 invenerint
471 1721 707 1804 inventumque
727 1722 761 1783 in
782 1718 890 1783 lucem
912 1717 1117 1803 protulerint.
1159 1717 1215 1781 Ad
1237 1717 1327 1801 qrrod
1349 1716 1412 1782 de·

266 1828 455 1897 clarandum
477 1832 614 1897 verbum
633 1828 803 1920 ἐκφαίνειν
826 1849 900 1897 esse
921 1831 1076 1897 idoneum
1099 1828 1198 1895 docet
1218 1830 1327 1915 pras
1338 1828 1411 1911 ΘΙ)

353 1952 459 2060 Quam
489 1980 556 2071 levi
582 1972 763 2045 mutatione
789 1978 937 2044 adhibita
959 2000 1059 2064 saepe
1080 1976 1217 2043 verbum
1239 1997 1412 2063 perperam

266 2074 451 2179 neglectum
474 2086 581 2179 possit
602 2094 749 2174 restitui,
774 2090 942 2177 eleganter
953 2081 1128 2155 ostendere
1143 2088 1275 2154 videtur
1287 2083 1411 2173 Cratyl.

266 2226 297 2295 p.
312 2204 375 2269 383
391 2202 438 2284 B,
461 2202 517 2269 ubi
538 2200 754 2287 Bodleianus,
779 2201 975 2286 Vaticanus,
998 2200 1162 2282 Venetus,
1185 2200 1327 2284 librique
1350 2197 1413 2264 de-

266 2308 395 2383 terioris
417 2315 679 2409 familiaenobis
701 2314 784 2381 haec
806 2315 983 2402 praebent:
1005 2312 1119 2405 ἐρωτῶ
1141 2302 1199 2378 οὖν
1215 2304 1316 2380 ἀὐτόν
1336 2299 1411 2397 ἐγώ,

266 2424 297 2495 εί
323 2420 413 2514 αὐτῷ
440 2417 576 2519 πότερον
608 2421 781 2515 Κρατύλος
816 2426 857 2515 τῇ
886 2417 1032 2512 ἀληθείᾳ
1061 2419 1282 2507 ίίνομαὲστιν
1312 2414 1334 2511 ἢ
1361 2412 1411 2490 οὔ.

265 2542 392 2622 Quibus
410 2540 520 2609 verbis
539 2544 747 2635 interpretes)
769 2562 842 2605 cum
853 2540 1015 2605 vidissent
1029 2536 1093 2603 hoc
1104 2528 1183 2603 vitio
1199 2560 1240 2603 ea
1249 2538 1411 2620 laborare,

264 2661 301 2717 ut
333 2652 415 2719 duas
448 2652 544 2718 simul
577 2652 756 2741 particulas
794 2654 1084 2739 interrogationem
1116 2650 1299 2715 indicantes
1330 2671 1412 2715 con-

264 2766 406 2849 tineant,
433 2768 480 2830 ita
501 2764 747 2846 succurrerunt,
778 2770 815 2828 ut
839 2785 950 2829 earum
972 2784 1069 2828 unam
1091 2762 1271 2829 alteramve
1293 2782 1412 2848 super-

264 2899 443 2944 vacaneam
464 2880 528 2943 rati
556 2886 614 2943 aut
636 2869 773 2966 πότερον
795 2884 833 2941 ut
853 2874 1025 2948 Beklrerus
1050 2885 1084 2942 et
1106 2876 1304 2941 Turicenses
1327 2874 1412 2959 (dis-

265 2994 427 3057 sentiente
454 2984 749 3073 Winclrelmanno)
780 2998 837 3054 aut
864 2986 894 3055 εί
922 2996 960 3053 ut
988 2988 1222 3057 Stallbaumius
1252 2995 1286 3053 et
1314 2986 1351 3053 O.
1373 2986 1412 3052 F.

265 3102 472 3169 Hermannus
502 3106 594 3167 uncis
623 3101 838 3167 includerent
883 3098 950 3168 Sed
981 3082 1127 3167 assumta
1155 3094 1221 3165 una
1241 3098 1363 3165 lineola
1384 3098 1413 3164 si

266 3216 339 3301 quis
362 3236 407 3280 ex
425 3220 471 3281 El
491 3211 638 3279 effecerit
663 3214 739 3296 ΕΠ,
761 3234 856 3279 suum
879 3214 997 3297 cuique
1019 3211 1122 3277 verbo
1143 3212 1253 3277 locum
1275 3211 1412 3278 dederit

265 3326 351 3393 Nam
379 3325 455 3393 inde
485 3326 567 3392 haec
599 3326 779 3391 enuntiatio
810 3325 954 3391 nascitur
962 3308 974 3389 :⁴
1000 3320 1115 3410 ίρωναῖ
1136 3311 1192 3389 οὖν
1208 3314 1316 3391 atreb
1338 3310 1413 3411 e’yur',

266 3429 319 3505 ἐπ’
339 3430 431 3525 αὐτῷ
455 3431 592 3525 πότερον
617 3427 791 3531 Κρατύλος
822 3436 862 3525 τῇ
891 3430 1039 3525 ἀληθείᾳ
1066 3429 1171 3520 ὄνομα
1198 3432 1288 3503 ἐστιν
1314 3425 1335 3525 ἢ
1362 3424 1411 3501 οὔ.

266 3550 363 3617 Hanc
385 3570 482 3635 quam
504 3548 716 3615 coniectando
739 3552 926 3616 invenimus
947 3552 1225 3637 praepositionem
1247 3568 1320 3612 cum
1333 3566 1413 3611 ver-

266 3660 525 3729 bisrnominandi
546 3662 688 3727 iunctam
712 3664 832 3727 iustam
863 3670 976 3727 tenere
1005 3660 1119 3727 sedem
1140 3642 1313 3726 statuimus
1334 3658 1413 3723 illu-

268 3784 372 3841 strare
395 3776 579 3841 accuratius
606 3772 657 3840 his
682 3774 863 3861 exemplis:
897 3773 1022 3860 Cratyl
1049 3795 1080 3859 p.
1104 3773 1169 3838 415
1198 3772 1241 3839 0:
1271 3769 1301 3838 εί
1323 3765 1412 3837 δ’ἕπί

267 3880 427 3962 τοιούτοις
449 3876 585 3973 ἡκακία
606 3882 678 3953 ἐστὶ
699 3879 851 3971 νοῖίνομα,
872 3881 1062 3955 τούναντίον
1076 3878 1194 3953 τούτου
1215 3876 1235 3971 ἦ
1254 3876 1352 3972 doceri
1374 3872 1414 3958 ίίν

1090 4090 1092 4093 ⁴
1099 4086 1405 4100 *vm-*0*-

338 4216 361 4283 ¹)
386 4216 464 4269 Haec
489 4230 550 4268 cum
575 4216 742 4283 scribebam,
771 4216 1008 4283 Winekelmanni‚
1038 4218 1084 4281 qui
1101 4215 1231 4266 rationem
1252 4214 1413 4275 emendandi

270 4312 385 4369 &milam
402 4313 478 4381 iniit,
496 4314 642 4366 minonem
660 4310 829 4380 Euthydeml
844 4327 899 4365 non
916 4312 1051 4365 habebam
1066 4314 1095 4363 in
1111 4311 1245 4362 manibus.
1352 4346 1356 4352 .

1481 4329 1502 4397 ἐ
