3159 4859
772 400 796 463 8

705 501 860 516 tenemusne

207 631 261 689 tus
283 622 443 689 accedant
465 625 494 688 4.
514 625 552 689 8:
584 644 687 709 quare
708 644 782 688 curn
805 622 892 689 donn
912 628 1061 711 pretiosa
1082 643 1191 710 neque
1210 624 1272 692 tibi
1291 647 1352 713 per

207 738 305 801 animi
325 736 481 802 virtutem
500 734 609 800 desint
629 758 691 801 nec
712 737 791 801 mihi
813 757 874 822 per
896 739 945 802 rei
966 739 1159 803 tenuitatem
1177 740 1352 823 supersint.

206 850 236 913 4.
261 847 317 914 ld:
340 868 427 933 quae
448 848 504 914 vel
525 850 690 935 sapienter
711 858 885 915 monentur
913 850 968 915 vel
989 850 1132 915 facunde
1153 849 1350 937 praedican-

205 966 278 1043 tur3
301 982 334 1047 p.
353 958 404 1027 38.
429 961 485 1026 13ι
508 967 545 1025 ut
565 964 669 1049 magis
692 964 808 1027 mirum
831 965 874 1027 sit
895 963 938 1029 ad
960 982 1063 1027 annos
1083 966 1262 1049 sexaginta
1281 971 1351 1028 tres

207 1092 281 1138 eum
294 1074 396 1138 vitam
414 1071 591 1159 protulisse
608 1094 706 1157 quam
721 1073 807 1138 ultra
822 1096 888 1139 non
903 1074 1088 1161 pertulisse.
1117 1074 1225 1139 Multo
1245 1077 1351 1162 magis

205 1186 332 1249 animus
361 1204 454 1251 meus
490 1184 555 1250 huc
583 1185 734 1267 inclinat,
774 1194 813 1250 ut
842 1189 1049 1252 omissionem
1079 1187 1233 1251 vocabuli
1263 1186 1348 1270 ,nt“

205 1294 339 1362 librario
355 1296 472 1383 culpae
482 1304 626 1381 vertam3
648 1318 722 1362 narn
736 1318 834 1383 quem
851 1299 951 1385 paulo
970 1306 1068 1365 antea
1089 1300 1141 1383 (nt
1156 1320 1222 1363 nna
1238 1300 1350 1365 nasci·-

205 1418 259 1475 tur
280 1409 443 1495 aliturque
465 1446 507 1457 -
529 1418 566 1475 ut
588 1413 697 1475 omisit
717 1410 804 1495 Col.)
826 1411 889 1476 hoc
904 1414 1019 1477 vitium
1036 1412 1239 1477 commisisse
1253 1411 1351 1477 ride·

205 1542 294 1605 mus,
323 1542 398 1588 eum
425 1542 533 1587 nonne
559 1521 738 1587 verisimile
769 1530 820 1588 est
847 1526 946 1589 eiiam
974 1533 1093 1609 postea
1119 1525 1153 1587 in
1176 1522 1292 1587 eadem
1312 1544 1350 1588 re

206 1634 411 1721 deliquisse?
444 1634 520 1700 Non
544 1642 594 1700 est
616 1634 705 1719 quod
727 1635 920 1701 haereamus
940 1638 975 1700 in
993 1656 1065 1701 voe
1089 1638 1254 1719 ,secuti“3
1275 1656 1351 1700 nam

205 1748 240 1813 id
262 1746 420 1813 hocloco
444 1745 560 1813 eodem
583 1746 767 1833 significatu
797 1755 988 1833 usurpatum
1017 1756 1071 1813 eet
1097 1768 1164 1832 quo
1186 1747 1349 1832 dueipnti,

206 1860 248 1926 cf.
279 1860 329 1924 18.
362 1860 420 1923 14:
461 1866 575 1925 eontra
602 1878 676 1923 eum
704 1858 811 1924 ferme
841 1878 955 1925 omnes
983 1857 1216 1945 Epicharmnm
1245 1861 1351 1925 secuti

207 1980 325 2038 octavo
346 1990 460 2036 mense
480 1970 572 2035 nesci
593 1979 806 2057 negaverunt.
1334 1979 1339 1987 '

292 2082 330 2148 In
357 2082 431 2148 loeo
459 2104 487 2147 o.
508 2085 528 2147 9
549 2104 581 2169 p.
601 2084 651 2147 22.
677 2082 762 2149 1521
793 2083 843 2169 (p.
863 2083 913 2149 15.
935 2083 979 2149 88
999 2082 1050 2166 Η)
1081 2103 1187 2168 ,quse
1216 2081 1349 2167 quidem

205 2199 290 2263 ratio
312 2198 489 2283 praecipue
511 2196 701 2283 recipienda
722 2196 765 2261 ad
776 2200 949 2263 veritatem
971 2198 1123 2283 proxime
1139 2197 1271 2261 videtur
1288 2219 1349 2262 ao-

206 2306 345 2373 oedere“
375 2307 473 2373 velim
503 2328 565 2394 pro
599 2308 688 2385 ,ad“
718 2308 843 2375 scribas
877 2308 1016 2393 ,quod“
1044 2308 1166 2373 collatu
1190 2308 1349 2374 hocloco

206 2421 253 2506 (p.
276 2419 326 2487 35.
351 2418 402 2504 5):
431 2418 499 2487 Sed
522 2440 566 2484 ex
587 2420 627 2485 iis
650 2420 800 2485 omnibus
822 2420 974 2505 proxime
994 2418 1147 2485 videntur
1166 2422 1349 2487 accessisse

207 2538 371 2615 naturam,
395 2533 452 2617 qui
474 2530 734 2597 hebdomadibus
756 2532 931 2597 humanam
952 2534 1054 2596 vitam
1076 2535 1201 2597 emensi
1221 2541 1305 2598 sunt

294 2640 459 2727 Sequatur
488 2642 581 2709 loeus
607 2663 640 2728 p.
661 2644 691 2709 3.
720 2665 751 2707 v.
775 2644 818 2708 10
839 2642 878 2709 J:
912 2642 1050 2726 „Haec,
1077 2652 1115 2708 nt
1136 2646 1278 2709 comicus
1305 2646 1352 2709 ait

207 2758 399 2839 Terentius,
420 2754 558 2843 perinde
581 2764 657 2820 sunt
679 2763 715 2820 ut
737 2755 824 2821 illius
841 2765 894 2821 eet
907 2757 1033 2821 animus
1056 2757 1113 2839 qui
1130 2776 1170 2821 ea
1185 2755 1351 2841 possidet3

208 2872 265 2957 qui
286 2868 335 2935 uti
355 2870 418 2935 seit
440 2870 472 2934 ei
493 2868 595 2951 bona,
618 2867 667 2931 illi
686 2870 743 2953 qui
764 2889 830 2933 non
852 2870 954 2932 utitur
970 2878 1078 2952 reete,
1099 2868 1216 2934 mala“.
1239 2868 1352 2934 Voca-

207 2984 319 3051 bulum
342 2982 517 3048 Terentius
538 2984 670 3068 putavit
690 2980 820 3048 Jahnus
841 2981 966 3047 librarii
988 3001 1063 3048 esse
1084 2980 1351 3049 additamentam

207 3097 319 3163 Miror.
353 3095 475 3177 Quidni
495 3095 647 3159 maluerit
668 3096 719 3158 vir
736 3093 855 3159 doctus
870 3114 943 3159 voc.
954 3095 1098 3159 comicus
1118 3094 1352 3177 interpolatum

208 3206 354 3275 heberei
388 3208 473 3273 Tum
495 3226 627 3273 censam
650 3206 782 3291 quidem
804 3207 913 3292 potuit
934 3204 1083 3289 edrone,
1104 3209 1213 3292 potuit
1230 3206 1351 3291 dicere,

206 3322 340 3387 librario
362 3320 491 3386 facilius
507 3320 611 3386 fuisse
638 3320 822 3404 ,comicue“
845 3318 1002 3404 supplere
1013 3338 1111 3403 qnam
1125 3318 1351 3402 ,Terentius“.

207 3433 276 3504 Sed
304 3436 412 3499 omnia
441 3454 523 3499 sana
550 3440 642 3515 sunt,
674 3431 773 3499 modo
802 3434 1045 3519 transposueris
1069 3433 1251 3511 ,comicus“
1275 3440 1352 3518 poet

209 3548 434 3634 ,Terentius“.
452 3542 667 3613 ,censor-nus
686 3548 772 3611 enim
794 3544 851 3611 vel
871 3546 1102 3612 celeberrimos
1125 3546 1273 3611 homines
1287 3546 1351 3611 sli-

208 3687 274 3753 qua
295 3672 374 3729 nota
395 3666 579 3729 accuratius
603 3662 789 3749 distinguit3
818 3663 861 3728 cf.
883 3685 915 3749 p.
933 3660 987 3727 88.
1010 3663 1044 3725 ir
1065 3662 1234 3748 Diogenes
1255 3664 1351 3745 cyni-

208 3802 284 3864 cus3
314 3782 343 3846 4.
367 3783 403 3846 6:
425 3776 616 3867 Xenophon
644 3777 849 3861 Socraticus,
883 3780 931 3843 18.
956 3781 1012 3844 11:
1033 3776 1233 3843 Aristoteles
1260 3780 1351 3864 peri·

207 3897 390 3983 pateticus3
413 3895 464 3961 34.
488 3898 522 3959 1:
545 3890 767 3980 Hippocrates
789 3890 944 3958 medicus.
979 3888 1074 3959 Haec
1094 3912 1167 3958 eurn
1185 3892 1350 3977 quondam

207 4012 241 4074 in
262 4002 436 4075 seminario
454 4006 664 4094 Gottingenei
685 4005 886 4095 profem,
908 4005 1107 4072 Leutschius
1125 4007 1177 4068 vir
1196 4007 1351 4093 egregins

209 4130 379 4189 cunctatus
412 4130 465 4188 est
494 4118 538 4186 ed
559 4140 664 4187 meam
695 4120 890 4187 sententiam
919 4118 1095 4201 accedere,
1130 4119 1194 4183 hoe
1214 4121 1351 4204 potissi-

208 4257 296 4301 mum
318 4244 510 4321 argumento
539 4234 646 4317 nisus,
679 4231 770 4317 quod
791 4230 940 4298 Graecos
968 4240 1095 4297 tantum
1121 4233 1270 4299 homines
1291 4250 1351 4298 ae·

210 4350 354 4415 curatius
377 4348 523 4434 signaret
545 4342 761 4427 Censorinus,
785 4364 850 4409 nou
871 4343 1017 4413 Latinos.
1047 4345 1143 4425 Quae
1162 4335 1353 4411 observatio
