3159 4859
761 432 825 515 ’49

234 674 268 740 id
283 674 372 761 quod
388 678 439 741 his
458 677 619 764 exemplis
636 677 803 744 illustrare
819 678 915 744 nobis
931 686 982 744 est
998 680 1032 743 in
1047 680 1172 743 animo:
1193 677 1335 765 Philipp.
1347 677 1374 743 Ι.

235 809 261 853 c.
282 790 324 853 14
346 787 364 874 §
384 788 425 855 35
449 787 566 855 Cicero
595 794 628 855 in
658 790 789 877 epilogo
819 792 902 856 haec
931 790 1026 855 dicit:
1058 790 1188 875 ,Quare
1209 791 1306 857 flecte
1328 798 1373 875 te,

234 922 374 985 quaes0,
399 912 432 967 et
453 906 593 969 maiores
615 912 690 969 tuos
705 906 834 989 respice
848 911 950 988 atque
964 907 1011 969 ita
1027 903 1173 989 guberna
1194 903 1375 989 rempubli-

234 1034 321 1099 cam,
352 1022 389 1079 ut
417 1023 529 1081 natum
558 1037 633 1082 esse
661 1024 695 1083 te
724 1019 815 1081 cives
842 1019 891 1080 tui
912 1015 1097 1103 gaudeant;
1129 1019 1200 1083 sine
1222 1038 1287 1102 quo
1312 1038 1375 1085 nee

232 1128 350 1195 beatus
379 1151 440 1195 nec
463 1130 569 1195 clarus
590 1152 652 1197 nec
674 1138 764 1196 tutus
789 1134 963 1215 quisquam
986 1152 1060 1197 esse
1083 1132 1212 1197 omnino
1234 1131 1373 1217 potest.“

232 1240 331 1307 Hunc
352 1242 459 1307 locum
481 1250 626 1309 tractans
650 1241 691 1308 de
707 1241 804 1307 'nulla
825 1242 948 1309 aliare
970 1242 1076 1308 dicam
1095 1264 1193 1328 quam
1213 1242 1255 1309 de
1271 1264 1375 1309 voca-

232 1354 310 1420 bulo
335 1356 478 1439 ,tutus“,
500 1376 560 1442 pro
576 1377 641 1441 quo
656 1355 740 1421 liber
751 1330 931 1475 Vespanus
946 1356 1085 1441 praebet
1100 1354 1269 1440 „unctust
1291 1354 1375 1422 Cum

234 1470 318 1533 enim
340 1491 372 1532 v.
396 1469 526 1553 „tutus“
550 1491 571 1534 a
591 1492 623 1533 v.
648 1468 804 1547 ,unctus“
834 1489 908 1534 meo
935 1468 1068 1553 quidem
1097 1469 1218 1535 iudicio
1244 1469 1375 1557 longius

233 1580 347 1665 distet,
370 1604 441 1647 non
468 1582 610 1649 alienum
641 1604 715 1649 esse
742 1582 890 1667 videtur,
921 1583 1011 1651 aliud
1039 1585 1176 1651 verbum
1204 1605 1375 1669 quaerere,

233 1694 323 1780 quod
351 1697 488 1783 propius
516 1695 654 1763 accedet
681 1695 726 1761 ad
746 1700 889 1785 vestigia
918 1699 994 1764 libri
1014 1698 1175 1765 Vaticani.
1218 1697 1255 1766 Si
1275 1700 1376 1785 igitur

232 1830 253 1873 a
282 1807 386 1875 verbo
424 1814 594 1893 ,unctus“
637 1810 808 1876 exordium
841 1814 1035 1897 capiemus,
1076 1812 1245 1878 literarum
1275 1812 1376 1877 ductu

231 1924 471 1987 meminerimus
496 1920 652 2007 ,unctus“
676 1944 742 1987 non
760 1922 926 1989 diversum
950 1944 1025 1989 esse
1046 1924 1089 1989 ab
1114 1927 1274 2011 ,unitus“.
1299 1923 1376 1989 Huc

231 2041 341 2100 autem
371 2038 399 2101 si
428 2038 554 2100 initium
580 2036 743 2101 deiectum
773 2037 852 2121 (hoe
881 2039 996 2102 vitium
1027 2015 1128 2123 saepe
1158 2040 1192 2102 in
1213 2036 1374 2103 Vaticano

231 2146 423 2235 reperitur),
447 2150 553 2235 „imp“
566 2148 807 2233 addiderimus,
830 2148 1028 2215 adiectivum
1045 2154 1260 2236 ,impunitus“
1279 2167 1375 2215 asse-⁴

233 2284 385 2348 quemur,
413 2262 598 2347 quodcum
623 2261 848 2349 gradationem
865 2265 1059 2349 ‘negativam
1079 2266 1195 2329 mitum
1218 2271 1374 2348 quantum

233 2374 389 2458 extollat,
412 2374 486 2439 loeo
508 2382 622 2439 nostro
645 2376 767 2460 optime
790 2395 973 2461 congruere
994 2382 1142 2461 apparet.

317 2485 462 2572 Euthyd.
491 2508 522 2573 p.
546 2488 608 2552 299
637 2486 682 2551 B:
715 2481 831 2573 ἐπειδὴ
853 2480 914 2577 γὰρ
936 2477 1115 2575 ὡμολόγεις
1137 2478 1265 2573 ἀγαθὸν
1286 2480 1374 2553 εἶναι

233 2586 424 2686 φάρμακον,
447 2592 523 2666 ὅταν
536 2596 610 2687 δὲῃ,
633 2596 741 2665 πίνειν
763 2591 952 2689 ἀνθρώπῳ,
973 2591 1049 2668 dile
1070 2625 1103 2666 ιι
1124 2602 1218 2667 τοῦτο
1239 2593 1277 2667 ad
1294 2592 1374 2687 ἄγα-

229 2702 293 2778 etv
321 2704 367 2786 oie
396 2711 549 2779 πλεῖστον
581 2713 630 2777 δεῖ
657 2714 782 2789 πίνειν,
814 2709 871 2775 καί
901 2710 1011 2786 καλῶς
1039 2708 1104 2778 ἐκεῖ
1128 2708 1212 2795 ἕξει,
1245 2701 1302 2779 ἐάν
1323 2733 1375 2787 τις

230 2818 320 2909 αὐτῷ
335 2822 461 2912 τρίψας
477 2816 633 2913 ἐγκεράσῃ
649 2818 825 2913 ἐλλεβόρου
837 2816 977 2909 ἅμαξαν.
1006 2824 1082 2890 Hoc
1095 2824 1168 2890 loco
1181 2846 1246 2889 non
1260 2824 1373 2891 dubito

229 2933 295 3003 ἐκεῖ
324 2945 512 3022 corruptum
540 2937 679 3021 habere3
714 2959 790 3003 uam
818 2940 847 3003 si
874 2938 987 3003 dicunt
1007 2933 1074 3003 rinei
1103 2939 1158 3003 hic
1187 2938 1372 3024 significare

230 3052 283 3134 „in
304 3050 533 3117 medicamenti
554 3052 733 3135 sumtione,
756 3046 791 3115 ἐν
807 3051 855 3135 τῷ
873 3044 910 3117 ad
933 3038 1111 3138 φάρμακον
1133 3048 1272 3135 πίνεινί,
1293 3051 1374 3115 nihil

229 3162 361 3247 dicunt3
394 3183 469 3227 nam
492 3184 557 3247 qua
578 3165 612 3226 in
634 3183 670 3227 re
692 3162 778 3229 bene
800 3184 874 3229 sese
895 3162 1019 3229 habeat
1040 3164 1156 3247 homo,
1185 3165 1372 3247 insequenti

230 3276 451 3340 enuntiatione
473 3273 684 3339 conditionali
714 3276 794 3340 satis
822 3273 1017 3341 declaratur.
1060 3275 1135 3355 Quo
1164 3277 1265 3361 igitur
1286 3271 1372 3341 daei?

228 3385 326 3453 Adde
348 3386 437 3471 quod
458 3408 578 3475 magna
607 3386 858 3472 estdubitatio,
888 3410 931 3453 an
959 3396 1124 3454 structura
1153 3387 1264 3465 καλῶς
1286 3382 1372 3468 ἔχειν

229 3523 301 3567 oum
330 3497 394 3567 ἐκεῖ
422 3503 529 3586 possit
558 3500 723 3587 copulari3
760 3502 910 3588 analogia
939 3505 1024 3569 enim
1054 3510 1225 3589 repugnat
1277 3500 1371 3580 Quae

229 3634 302 3679 cum
323 3615 370 3679 ita
390 3615 473 3698 sint,
495 3636 557 3701 pro
576 3611 641 3681 ἐκεῖ
663 3614 870 3731 εοιίὶιερᾶωιι
892 3636 1011 3681 censeo
1034 3609 1172 3699 ἐκεῖνος,
1193 3635 1268 3679 narn
1288 3614 1370 3679 sub-

227 3730 348 3795 iectum
382 3726 446 3793 hoe
480 3727 554 3793 loco
583 3731 751 3820 neeqse*i
836 3750 911 3795 esse
940 3727 1080 3794 videtur.
1133 3726 1231 3808 Quod
1260 3735 1370 3793 autem

229 3836 349 3921 ἐκεῖνος
371 3849 405 3908 et
426 3832 524 3915 αὐτὸς
544 3840 588 3907 ad
608 3862 678 3908 rem
700 3745 839 3935 effen
861 3841 1020 3924 refertur,
1049 3839 1117 3905 noli
1143 3840 1208 3905 hoc
1230 3839 1369 3924 offendi3

228 3974 303 4019 nam
324 3953 413 4040 apud
433 3952 606 4020 Platonem
629 3975 730 4041 saepe
751 3954 848 4020 huius
871 3956 999 4040 generis
1023 3952 1176 4039 exempla
1197 3954 1369 4037 reperiun-

228 4074 289 4131 tur.
323 4064 373 4132 cf.
396 4064 564 4153 Euthyph.
588 4068 629 4131 14
650 4067 700 4132 D:
723 4056 772 4156 ἆρ’
791 4056 846 4134 οὖν
867 4058 907 4133 οὐ
927 4057 966 4132 ad
989 4057 1103 4153 ὀρθῶς
1125 4062 1227 4130 αἰτεῖν
1248 4057 1288 4131 ἄν
1308 4057 1368 4149 είη,

229 4169 274 4243 ὦν
286 4170 432 4261 δεόμεθα
447 4170 527 4267 παρ’
539 4174 680 4261 ἐκείνων,
701 4180 805 4246 ταῦτα
820 4170 939 4254 adroic
953 4175 1063 4247 αἰνεῖν.
1084 4178 1176 4243 Prot.
1198 4198 1229 4262 p.
1242 4177 1307 4243 310
1319 4177 1367 4241 D:

229 4280 268 4356 dv
291 4282 382 4377 αὐτῷ
405 4290 509 4378 διδῷς
530 4282 678 4383 ἀργύριον
701 4290 757 4358 καὶ
779 4290 906 4381 πείθῃς
926 4289 1053 4360 ἐκεῖνον.

650 4457 951 4489 -υ-οοο-ω-
1043 4473 1046 4480 ·
