3159 4859
827 338 860 400 ·9

767 443 924 457 mmmm

271 693 349 739 sune
378 672 550 760 indulgere
578 674 673 739 nefas
691 680 761 739 ⁴eet
804 671 859 739 Ac
888 692 961 737 cnm
990 672 1147 761 vulgatae
1175 696 1275 759 quam
1302 674 1416 744 dimnt

272 784 424 852 editionis
447 789 541 870 quasi
563 786 661 873 culpe
686 807 751 851 non
773 787 993 852 rarefactum
1016 788 1074 867 eit,
1100 795 1137 853 ut
1159 790 1303 873 optimae
1324 791 1415 874 opti-

270 918 397 963 morum
417 898 572 963 librorum
594 898 753 965 lectiones
770 900 902 965 iaceant
915 897 1089 985 neglectae
1105 921 1146 965 ac
1163 908 1306 985 spretae,
1326 923 1414 983 eum,

271 1011 327 1093 qui
357 1029 429 1075 cum
459 1010 618 1094 religione
647 1013 842 1096 scriptorem
870 1018 1014 1075 tractare
1044 1009 1142 1092 velit,
1182 1020 1315 1097 oportet
1341 1012 1415 1079 illae

270 1122 429 1189 lectiones
448 1124 482 1187 in
503 1132 632 1189 textum
653 1122 850 1208 recipendae
872 1144 1005 1205 curare;
1025 1143 1102 1188 nom
1124 1123 1188 1191 hoc
1211 1124 1309 1191 hodie
1329 1128 1415 1194 inter

271 1240 382 1299 omnes
399 1244 540 1318 constat,
561 1234 717 1323 vulgatae
740 1236 900 1318 lectionis,
923 1257 1021 1320 quam
1040 1236 1163 1319 dicunt,
1186 1241 1414 1306 auctoritatem

270 1347 331 1409 nisi
357 1346 451 1412 firmo
479 1346 638 1413 librorum
663 1347 878 1415 fundamento
907 1350 1029 1418 nitetur
1061 1370 1137 1415 cese
1164 1348 1295 1416 nullam.
1339 1349 1415 1416 Hoc

269 1466 482 1545 praeceptum
504 1459 582 1527 vide
603 1460 769 1545 quomodo
793 1462 845 1530 hie
866 1463 900 1525 in
923 1461 1085 1547 exernplis
1108 1464 1170 1528 sim
1190 1470 1333 1527 secutus.

354 1683 393 1748 In
409 1682 593 1751 Theaeteto
616 1706 649 1769 p.
666 1686 726 1749 171
747 1685 775 1749 Β
800 1687 970 1767 editiones,
993 1689 1028 1751 ni
1048 1687 1156 1766 fallor,
1180 1708 1292 1752 omnes
1313 1708 1415 1772 prae-

269 1791 418 1863 bennoi
442 1791 479 1860 δὲ
496 1785 625 1883 y'ei‘iioc
648 1788 687 1863 οὐ
709 1798 924 1886 ξψχωροῡοιν
945 1789 1080 1871 ἑαυτοὺς
1105 1790 1303 1882 ψεύδεσθαι.
1345 1798 1410 1865 Co-

269 1906 360 1973 dicee
388 1930 467 1973 vero
499 1911 528 1975 ei
555 1910 758 1995 inspexeris,
791 1913 826 1975 in
863 1912 904 1974 iie
936 1910 1086 1975 omnibus
1114 1912 1263 1995 reperies
1297 1918 1414 1979 extare

268 2016 409 2099 ἑαυτοῖς,
436 2021 499 2085 nisi
527 2020 617 2105 quod
644 2042 741 2089 manu
769 2023 966 2087 correctrice
993 2023 1026 2085 in
1048 2019 1179 2085 Veneto
1202 2021 1238 2083 Η
1256 2024 1413 2107 scriptum

221 2181 225 2187 -
270 2140 321 2198 eet
343 2125 485 2211 ἑαυτούς.
517 2134 626 2213 ‚Quae
647 2136 808 2199 correctio
830 2141 1004 2219 tantopere
1025 2136 1149 2213 arrisit,
1171 2135 1262 2199 utin
1285 2143 1413 2200 textum

270 2267 341 2311 eam
362 2245 583 2331 recipiendum
606 2267 686 2311 esee
714 2246 908 2333 iudicaverit
930 2246 1147 2313 Buttmannne
1176 2266 1316 2331 eumque
1340 2246 1414 2311 edi-

269 2367 357 2433 tores
387 2357 477 2443 quod
504 2358 656 2443 equidem
684 2360 784 2425 eciem
807 2379 920 2427 omnes
941 2361 1049 2423 secuti
1071 2361 1144 2434 sint.
1182 2358 1255 2423 Hos
1277 2373 1357 2425 vero
1379 2360 1413 2423 in

272 2492 382 2537 errore
404 2472 531 2535 versari
552 2479 586 2535 et
599 2472 715 2537 iniuria
727 2492 748 2538 a
760 2470 910 2537 codicum
927 2474 1090 2557 scriptura
1103 2473 1293 2550 recessisse,
1314 2468 1412 2538 facile

270 2591 383 2669 potest
412 2582 639 2651 demonstrari.
683 2584 722 2649 In'
753 2604 874 2669 graece
906 2586 989 2649 enim
1017 2562 1138 2670 lingua¹
1158 2605 1225 2649 non
1245 2604 1321 2649 raro
1342 2584 1416 2649 fieri

270 2697 365 2777 solet,
388 2704 425 2760 ut
446 2695 584 2761 verbum
599 2696 758 2767 infinitivo
782 2696 856 2762 loco
871 2697 1010 2761 subiecti
1023 2696 1080 2762 vel
1091 2696 1212 2763 obiecti
1227 2696 1414 2764 adiunctum

269 2810 501 2894 antiopatione
523 2809 664 2892 quadarn
686 2818 743 2875 out
765 2810 868 2875 verbo
890 2810 1085 2876 infinitivum
1110 2808 1294 2877 moderanti
1314 2829 1414 2873 acco-

268 2919 420 2987 modetur
443 2927 501 2985 aot
522 2921 704 2987 subiectum
723 2921 782 2985 fiat
798 2922 972 2988 rmivereae
987 2923 1225 2996 enuntiationis.
1256 2920 1321 2986 Hic
1335 2941 1413 2988 ueua

269 3034 356 3117 quod
379 3056 445 3101 non
465 3054 589 3120 poueoe
611 3034 759 3105 homines
782 3033 899 3101 doctos
921 3034 1068 3120 decepit,
1094 3035 1274 3102 Platonicis
1295 3054 1413 3100 caem-

268 3148 331 3233 plie
353 3168 428 3213 eum
442 3146 589 3217 stabilire
602 3150 776 3215 statuimus
795 3147 1022 3216 exscribendis
1036 3147 1127 3230 locis,
1149 3150 1206 3232 qui
1221 3149 1255 3213 in
1269 3147 1415 3234 Kriigeri
1440 3233 1442 3242 x

268 3262 481 3345 grammatica
510 3276 575 3325 non
603 3262 810 3345 reperiuntur
844 3260 910 3343 (cf.
936 3258 955 3346 ᾖ
977 3260 1028 3325 51.
1052 3261 1081 3323 6.
1101 3260 1138 3341 8)
1165 3259 1320 3328 breuiter·
1333 3278 1413 3331 vero

267 3370 465 3455 indicandis,
488 3374 601 3457 quiea
619 3375 836 3439 continentur.
864 3372 978 3457 Atque
989 3372 1097 3437 inhoc
1110 3393 1257 3451 numero,
1279 3374 1309 3438 oi
1321 3369 1413 3436 crdi-

267 3504 358 3565 nem,
388 3506 486 3568 quem
515 3493 649 3551 ee'entne
679 3494 731 3551 eet
760 3486 954 3571 Kriigerue,
984 3484 1149 3566 servabis,
1179 3491 1256 3549 eunt
1277 3485 1312 3551 hi
1332 3483 1411 3552 loci:

266 3598 300 3681 a)
320 3596 421 3683 Gorg.
439 3618 472 3683 p.
483 3598 551 3663 482
571 3596 615 3681 0,
633 3596 763 3667 Charin.
780 3620 812 3685 p.
826 3600 886 3663 161
904 3598 956 3681 A,
973 3598 1057 3684 Rep.
1073 3597 1165 3664 VIII.
1187 3620 1219 3684 p.
1235 3599 1298 3671 566
1318 3596 1412 3677 RV.

131 3792 133 3797 Δ
265 3708 430 3796 pleae,
452 3709 598 3797 Euthyd.
617 3710 1140 3798 p.2821),1tep01v.p.43713,
1162 3710 1222 3778 111.
1244 3733 1276 3797 p.
1286 3712 1351 3779 416
1364 3710 1411 3794 A3

265 3822 305 3909 b)
326 3822 427 3889 Orico.
456 3842 489 3909 p.
512 3822 569 3905 51,
597 3822 643 3906 Β,
670 3824 778 3911 Legg.
801 3823 827 3889 1
855 3845 888 3909 p.
911 3825 974 3890 616
995 3824 1043 3907 Ι),
1077 3822 1204 3909 Cratyl.
1233 3843 1265 3911 p.
1282 3825 1349 3891 396
1371 3823 1411 3905 Β,

265 3958 298 4022 p.
314 3938 376 4001 401
391 3935 428 4002 G.
450 3934 490 4001 ln
511 3934 568 4001 illo
590 3944 699 4001 autem
722 3927 1412 4023 1111)Κορ.1ρ.342Βεῆο1τεαῦιῆς

266 4041 339 4119 orior
361 4040 465 4135 iiiior
484 4050 546 4134 (ec.
569 4045 680 4135 τέχνη)
701 4051 892 4136 concisioni
911 4046 972 4115 ἐπὶ
992 4043 1050 4134 τὴν
1070 4041 1170 4139 odric
1192 4046 1353 4139 οωοηρίαν
1373 4042 1411 4118 τὸ

264 4159 430 4253 ξυμφέρον
456 4167 607 4240 σκοπεῖν,
637 4162 679 4227 ci.
707 4161 782 4227 adn.
804 4160 921 4231 Stallb.
970 4162 1052 4229 Tim.
1080 4163 1178 4248 noe
1205 4162 1252 4231 Or
1278 4155 1346 4234 οόδ’
1369 4152 1412 4229 αὖ

264 4265 352 4349 τινος
373 4270 506 4353 dnedeio
526 4266 564 4362 ἦν
586 4263 725 4363 ὀργάνου
745 4278 846 4356 σχεῖν.
883 4272 967 4339 Ibid.
982 4275 1032 4341 D:
1052 4276 1169 4365 χειροῖν.
1191 4273 1228 4343 δὲ
1241 4312 1285 4326 -
1302 4264 1411 4361 μάτην
