3159 4859
804 370 823 432 7

735 474 890 489 mmmm

241 592 437 685 quemquern
468 597 559 684 quod
585 601 787 665 meminerim
814 605 907 663 recte
940 615 976 663 se
1006 596 1126 680 habet,
1165 605 1278 662 tamen
1305 593 1386 659 mibi

240 713 318 781 inde
339 732 403 777 non
425 712 556 783 videtur
578 734 679 797 posse
700 712 790 778 silici
811 711 968 793 multum3
1001 728 1077 774 nem
1105 708 1153 773 illi
1176 708 1311 790 Graeci,
1340 708 1385 775 ds

241 824 360 909 quibus
382 824 654 911 supradiximus,
678 832 769 891 certo
793 832 887 889 erant
907 844 973 887 non
994 824 1108 887 minus
1121 824 1192 886 noti
1203 819 1385 887 Censorino

242 940 377 1021 eiusque
399 937 592 1023 aequalibus
615 958 714 1021 quem
737 936 931 1015 Terentius,
953 934 1117 1018 Lucilius,
1140 934 1205 999 alii

328 1048 365 1115 C.
386 1051 423 1113 11
449 1070 481 1135 p.
504 1048 545 1113 29
566 1050 635 1113 ni
658 1047 690 1115 J.
714 1048 764 1133 (p.
786 1050 825 1113 21
850 1033 920 1113 v.'8
942 1046 989 1129 Η)
1014 1048 1152 1132 exponit
1173 1044 1383 1129 Censorinus,

239 1164 397 1227 institutis
428 1162 616 1227 desemine
645 1168 807 1247 concepto
840 1159 1124 1250 observationibus
1147 1180 1232 1243 quae
1254 1161 1386 1224 nomina

238 1273 358 1340 medici
379 1272 556 1363 indiderint
577 1274 719 1337 inventis
742 1274 828 1354 suis,
850 1293 929 1337 usus
951 1272 1002 1337 bis
1014 1271 1142 1337 verbis:
1168 1270 1281 1355 ,Haec
1299 1272 1385 1338 enim

239 1386 396 1471 frequens
425 1385 623 1453 medicorum
653 1387 861 1473 experientia
888 1384 1049 1471 pervidit,
1084 1386 1236 1469 quicum
1262 1382 1384 1464 multas
1506 1432 1508 1447 .

238 1498 538 1565 animadverterent
566 1516 677 1583 semen
699 1518 765 1560 non
785 1498 929 1561 retinere
952 1504 1161 1581 conceptum,
1191 1503 1384 1579 conpertum
1506 1492 1508 1505 '

239 1610 423 1679 habuerunt
450 1607 485 1673 id
507 1606 595 1695 quod
626 1610 712 1673 intra
732 1628 795 1673 sex
819 1606 890 1672 dies
914 1602 1085 1704 septemve
1107 1607 1285 1687 eiciebatur
1309 1629 1384 1677 esse
1506 1686 1508 1705 Ι

239 1720 381 1789 lacteum
392 1728 426 1785 et
438 1726 640 1785 vocaverunt
651 1713 794 1807 ἔκρυσιν,
812 1718 902 1805 quod
917 1727 1036 1804 postea
1048 1729 1158 1786 autem
1171 1722 1384 1807 sanguineum

238 1832 339 1917 idque
361 1824 547 1919 ἐκτρωσμός
568 1830 781 1917 appellatur.“
820 1832 915 1911 Ques
933 1832 1037 1899 verbe
1058 1832 1233 1920 perlegens
1256 1834 1383 1899 mireris

238 1947 324 2024 inre,
348 1965 405 2009 cur
423 1951 559 2029 repente
577 1946 719 2029 scriptor
741 1947 949 2029 usurpaverit
968 1952 1100 2031 tempus
1121 1966 1296 2031 praesens,
1318 1967 1384 2011 non

239 2059 460 2143 praeteritum.
504 2055 590 2119 Nam
617 2078 701 2139 quos
730 2056 876 2121 medicos
900 2056 1101 2122 Censorinus
1128 2066 1240 2122 narrat
1264 2078 1384 2147 nomen
1506 2104 1508 2117 .

240 2164 367 2260 ε”κρυσιν
396 2166 579 2245 invenisse,
612 2189 668 2232 eos
697 2188 804 2232 nonne
833 2176 987 2255 putamus
1018 2171 1117 2234 etism
1145 2190 1215 2234 rem
1246 2169 1383 2253 alteram
1506 2186 1508 2257 J

238 2283 399 2368 superiori
416 2282 598 2345 arctissime
615 2282 819 2345 coniunctam
836 2280 966 2345 nomine
980 2279 1139 2346 ornasse?
1161 2278 1249 2361 Quid
1258 2280 1383 2346 multa?

237 2396 449 2483 praeteritum
471 2400 601 2479 tempus
623 2390 778 2457 facillime
802 2392 943 2473 efficies,
966 2394 995 2457 si
1007 2413 1051 2457 ex
1071 2392 1294 2478 „appellatur“
1317 2392 1384 2458 leni

236 2506 416 2572 mutatione
437 2506 587 2571 elicueris
613 2503 838 2591 ,appellatus“
863 2502 932 2569 scil.
945 2513 1005 2569 est
1037 2503 1195 2570 Fortasse
1218 2504 1384 2569 librarium
1506 2498 1508 2525 ³

237 2620 358 2686 fefellit
379 2606 482 2705 genus
505 2619 736 2699 masculinum,
767 2640 833 2703 quo
856 2627 966 2683 tamen
994 2640 1060 2683 non
1089 2618 1252 2702 estquod
1275 2617 1383 2683 offen-

238 2730 335 2797 datur
353 2734 544 2829 quisquam3
568 2754 642 2797 nam
664 2730 728 2833 hoc
750 2728 828 2797 licet
843 2730 952 2796 dicere
968 2730 1135 2817 perleges
1152 2734 1382 2818 grammaticae
1505 2790 1508 2808 ,

238 2844 293 2929 (cf.
316 2844 436 2929 Zumpt
457 2842 475 2929 5
495 2844 593 2929 369),
627 2866 722 2929 quas
739 2866 839 2911 nosse
861 2843 1077 2910 Censorinum
1098 2852 1262 2909 testantur
1284 2848 1383 2910 etiam
1504 2845 1507 2902 l

130 2941 139 2962 Ι
237 2957 321 3022 5555
348 2955 466 3021 similia
495 2958 663 3043 exempla:
696 2978 726 3045 p.
747 2960 839 3022 44.1
872 2956 954 3022 caeli
976 2956 1019 3021 ad
1042 2956 1198 3021 circulum
1220 2953 1381 3023 finitorem
1503 2941 1506 2988 ἱ

237 3068 420 3152 inclinatio,
444 3068 533 3153 quod
556 3078 693 3135 vocatur
716 3070 820 3135 clima.
844 3092 875 3155 p.
889 3067 939 3133 56.
954 3072 984 3133 4.
1008 3078 1204 3153 quaternum
1224 3090 1381 3135 annorum

238 3180 410 3263 circuitus,
443 3200 525 3264 quas
554 3188 674 3245 vocant
704 3180 918 3265 olympiadas.
964 3176 1094 3245 Omissa
1124 3188 1233 3245 autem
1263 3171 1381 3267 copula
1501 3141 1505 3210 ξ

237 3290 325 3377 apud
348 3288 563 3356 Censorinum
585 3290 851 3374 frequentissima
874 3299 942 3373 est3
964 3292 1006 3356 cf.
1029 3312 1060 3376 p.
1076 3292 1127 3355 68.
1151 3292 1187 3373 2,
1209 3310 1241 3376 p.
1265 3292 1315 3355 59.
1340 3294 1380 3357 16
1501 3297 1508 3353 '.

237 3400 324 3468 unde
347 3402 411 3467 orti
427 3402 584 3485 Romani,
606 3424 638 3487 p.
654 3402 683 3467 4.
701 3403 739 3487 3,
761 3424 794 3488 p.
809 3403 858 3466 16.
878 3401 914 3482 5,
936 3422 968 3489 p.
985 3402 1035 3466 16.
1050 3393 1106 3484 18,
1125 3402 1175 3467 60.
1193 3402 1244 3486 17,
1260 3403 1311 3468 52.
1328 3406 1380 3491 12,

238 3514 288 3579 56.
311 3516 347 3595 9,
380 3514 429 3578 70.
452 3516 487 3596 7,
519 3514 568 3579 53.
592 3516 622 3578 4.
1143 3518 1146 3529 “
1500 3590 1508 3606 Ι,

322 3628 479 3714 Legimus
503 3648 529 3691 5.
543 3626 568 3691 Ι.
585 3648 616 3713 p.
627 3626 646 3693 5
659 3626 719 3691 ub
732 3624 763 3693 J.
787 3625 952 3711 (4.17Η.)
975 3628 1074 3693 haec:
1098 3622 1170 3706 „Illi
1188 3628 1272 3693 enim
1290 3622 1379 3712 quod
1506 3716 1508 3721 1

237 3741 407 3825 elimenta,
436 3744 594 3826 patriam
624 3740 745 3822 lucem,
777 3762 813 3805 se
841 3740 984 3824 denique
1012 3741 1104 3824 ipsos
1134 3737 1220 3805 dono
1242 3738 1380 3805 deorum
1499 3732 1508 3756 ''

237 3854 420 3935 habebant,
450 3874 493 3919 ex
521 3852 669 3919 omnibus
699 3852 823 3937 aliquid
846 3852 916 3917 deis
946 3852 1136 3935 sacrabant,
1167 3855 1271 3939 magis
1293 3852 1379 3919 adeo
1499 3830 1508 3934 ;Ι

237 3977 274 4033 ut
295 3988 332 4033 se
354 3974 466 4052 grstm
489 3964 709 4053 adprobarent
735 3988 834 4051 quem
856 3965 946 4050 quod
964 3965 1046 4031 deos
1064 3965 1128 4031 555
1142 3964 1379 4036 arbitrarentur
1506 4002 1508 4071 3

237 4079 413 4166 indigere.“
447 4078 636 4145 Difficultas
656 4082 743 4145 inest
763 4079 921 4145 inverbis
938 4099 996 4163 „se
1013 4077 1160 4165 gramm,
1181 4089 1242 4164 'pro
1257 4078 1378 4163 quibus
1506 4088 1508 4177 j

238 4189 431 4259 colonensis
462 4190 600 4279 praebet
636 4212 694 4275 ,se
722 4192 910 4278 gregatos“.
954 4190 1036 4257 lade
1063 4190 1215 4267 Halmius
1247 4192 1379 4277 scripsit
1506 4192 1508 4267 ἓ

241 4324 334 4387 „sese
355 4305 505 4389 gratos“,
534 4324 600 4389 qua
621 4304 810 4391 conjectura
830 4323 893 4370 neo
913 4308 1048 4369 sensnm
1067 4301 1135 4367 loci
1154 4310 1216 4367 nec
1237 4304 1378 4387 vestigia
