3159 4859
804 353 848 420 ib

750 458 905 473 mm

253 584 296 649 sit
316 586 454 671 μιὶιιιε.
495 582 580 654 Nam
609 592 662 651 est
689 584 807 651 modun
835 588 869 653 in
889 585 998 653 nebus
1038 584 1113 650 Hae
1137 593 1247 651 auum
1268 586 1396 651 ntione

253 696 521 763 absurdissimum
554 698 710 783 quodque
746 706 859 784 potest
895 697 1038 768 defendi.
1094 698 1235 765 Accedit
1270 707 1308 764 ut
1339 698 1397 763 illa

252 810 356 877 verba
390 812 541 899 proxime
579 809 850 879 antecedentibus
883 811 973 877 nullo
1000 810 1132 882 vinoolo
1160 810 1396 904 adnexalsint,

252 922 286 987 id
315 922 405 1011 quod
432 945 497 989 non
526 923 696 991 ferendum
725 923 867 989 videtur.
910 923 996 991 Nam
1026 945 1099 991 eum
1121 924 1272 991 versibus
1294 922 1398 992 verba

253 1035 362 1101 soluta
383 1033 620 1123 adiungantur,
650 1038 827 1103 omissione
853 1036 992 1125 eopulae
1020 1037 1096 1106 talis
1123 1038 1282 1105 sermonis
1303 1033 1397 1099 duri·

251 1150 315 1213 ties
343 1134 508 1238 exoritur,
541 1169 627 1233 quae
653 1151 712 1213 vix
736 1148 802 1215 alio
831 1149 1005 1228 Platonieo
1033 1148 1186 1237 exemplo
1213 1148 1397 1220 confirmari

252 1260 412 1329 videatur.
442 1261 641 1348 ¹Manifesto
670 1264 771 1357 igitur
800 1272 960 1350 apparet,
991 1284 1064 1355 oum
1091 1284 1209 1332 versus
1236 1259 1397 1336 Hesiodei

253 1384 287 1446 et
307 1378 535 1461 interpretatio
558 1398 601 1442 ex
623 1378 679 1457 iis,
702 1375 958 1461 quaediximua,
979 1380 1064 1445 inter
1084 1397 1123 1450 se
1145 1374 1311 1447 conciliari
1330 1396 1397 1443 uon

251 1490 399 1575 possint,
427 1510 527 1555 unum
556 1499 614 1555 aut
642 1488 782 1555 alterum
805 1511 880 1557 esse
901 1489 1147 1560 removendum
1190 1488 1397 1578 Interpreta-

251 1604 374 1667 tionem
404 1600 501 1667 obelo
530 1602 673 1689 signavit
694 1600 824 1677 Jebnus
852 1602 992 1692 aliique;
1028 1623 1146 1672 versus
1174 1611 1284 1678 autem
1306 1599 1397 1668 Her-

251 1735 398 1797 mannus,
421 1712 529 1781 loeum
551 1714 615 1781 hoe
635 1712 735 1782 modo
753 1717 936 1806 corrigensz
959 1706 1063 1807 αὐτὰρ
1082 1710 1296 1807 ἐδιειιιιφησὶ
1311 1705 1397 1799 μετὰ

250 1820 288 1901 τὸ
310 1818 389 1909 χάος
418 1814 477 1894 ddo
507 1816 610 1893 sadum
636 1824 811 1917 γενέσθαι,
840 1832 870 1895 Γ
867 1828 904 1915 ἦν
931 1850 968 1905 ae
991 1824 1047 1894 ael
1062 1819 1197 1916 ”Epona
1241 1824 1312 1895 Sed
1331 1829 1396 1894 iam

251 1934 467 2007 Sebenkelius
488 1941 521 2007 in
537 1938 639 2010 diario
656 1942 837 2029 gymnasiis
845 1943 1025 2022 ‚ambasia
1043 1938 1207 2007 destinato
1225 1947 1303 2008 tom.
1314 1938 1396 2012 xli

253 2052 347 2117 1861.
374 2073 407 2139 p.
430 2052 503 2117 597.
535 2051 679 2121 ostendit
708 2075 783 2121 eum
811 2052 898 2120 falso
928 2052 1110 2137 iudicasse,
1142 2055 1282 2139 primum
1311 2056 1396 2120 enim

250 2184 317 2229 non
338 2184 413 2230 esse
435 2164 612 2231 verisimile
648 2164 822 2231 Platonem
843 2173 881 2231 ut
903 2167 1159 2231 enuntiationem
1181 2163 1396 2253 duuiani

250 2275 433 2363 proferret,
462 2269 567 2367 αὖιᾰρ
593 2272 711 2345 ἔπειτα
734 2300 752 2344 e
774 2287 885 2365 poeta
903 2277 1100 2365 sumpsiss03
1129 2276 1249 2344 deiude
1280 2272 1396 2343 ἔπειτα

251 2396 286 2455 et
301 2384 398 2471 ’μετὰ
427 2382 506 2471 χάος
532 2393 689 2457 orationis
718 2390 951 2459 abundantiam
986 2392 1120 2459 efficere
1148 2387 1396 2458 intolerabilem.

251 2498 339 2580 Quid
349 2504 449 2588 igitur
459 2502 641 2569 faciemus?
657 2524 700 2569 au
717 2502 933 2573 excludemus
947 2504 1052 2569 verbe
1065 2495 1150 2585 μετὰ
1162 2501 1247 2590 φησι
1260 2522 1290 2565 κ.
1299 2524 1331 2567 τ.
1343 2500 1398 2565 L?

247 2612 382 2679 Minime
411 2636 508 2698 νοτυς
542 2636 617 2681 nam
650 2618 749 2681 etiam
780 2616 911 2683 facilior
940 2614 1071 2681 medela
1098 2614 1214 2697 adest,
1248 2613 1282 2678 id
1304 2610 1395 2699 quod

249 2724 466 2794 demonstrari
490 2737 603 2815 potest
635 2728 699 2795 beo
732 2731 879 2795 ustione:
912 2727 1087 2795 Phaedrus
1117 2727 1225 2793 tribus
1254 2726 1396 2794 testibus

248 2841 367 2921 utitur,
396 2838 562 2921 Hesiodo,
586 2838 801 2922 Parmenide,
829 2838 998 2905 Aensilao.
1040 2839 1187 2920 Quonim
1208 2841 1396 2905 mononis

247 2953 375 3015 muenia
403 2953 450 3017 itu
478 2950 619 3034 adsensi,
649 2962 705 3035 ut,
739 2970 936 3037 quamquam
958 2950 1135 3017 Aeneilaus
1163 2960 1207 3016 at.
1228 2949 1397 3018 Hesiodus

248 3063 333 3127 iuter
355 3082 392 3127 se
415 3064 639 3141 consentiunt,
669 3072 781 3137 umen
802 3062 1009 3130 Parmenidia
1038 3065 1274 3129 testimonium·
1289 3064 1398 3127 inter·

248 3182 397 3261 ponatur.
441 3174 510 3241 Onr
536 3178 696 3262 seriptor,
725 3178 948 3261 quaesiveris,
978 3196 1043 3241 non
1070 3178 1183 3241 statim
1204 3174 1397 3241 Aeusilausu

249 3284 399 3353 Hesiodo
421 3288 597 3355 adiunxit?
630 3288 705 3371 Quo
720 3290 813 3362 'bano
834 3286 1233 3376 digressionemi-Sed
1253 3288 1398 3373 antiptos-

249 3421 315 3465 non
336 3404 503 3486 peeoavit,
533 3402 681 3469 mobsvit
702 3422 887 3469 sermonem
909 3402 1071 3467 librerias
1112 3400 1198 3468 Nam
1221 3398 1395 3466 Platonem

249 3512 421 3599 seripsisse
441 3513 600 3583 arbitror:
624 3506 697 3579 ἀλλ’
708 3506 861 3593 Ἡδιδδος
875 3549 915 3563 -
934 3505 1105 3602 ajo'bpa.
1125 3500 1267 3596 Ἡσιόδῳ
1284 3509 1323 3577 ei
1339 3508 1397 3576 aul

248 3616 463 3703 Ἀιιουδίλειις
494 3616 669 3714 ὁμολογεῖ,
703 3617 746 3705 ὃς
773 3645 859 3715 φησι
892 3619 976 3708 pato}
1008 3617 1046 3692 ed
1080 3617 1161 3707 χάος
1197 3616 1259 3691 δύο
1289 3617 1396 3692 aedeis

247 3734 419 3824 γενέσθαι,
450 3741 480 3803 Γ
476 3737 516 3823 ῆι
542 3761 580 3805 τε
608 3736 666 3803 καὶ
691 3729 825 3826 Ἔρωτα.
870 3735 1083 3827 Παρμενίδης
1111 3734 1149 3803 dd
1178 3729 1236 3825 τὴν
1267 3732 1396 3802 [ἴνεσιν

247 3845 331 3934 λέγει
354 3872 383 3915 ιι.
403 3874 432 3915 ι.
451 3848 480 3914 i.
524 3850 620 3917 Nono
653 3854 763 3917 omnia
790 3860 883 3917 reete
916 3870 956 3916 se
983 3848 1116 3916 babent.
1158 3848 1264 3915 Error
1284 3856 1396 3914 autem

248 3958 324 4028 inde
347 3968 440 4027 ortus
462 3982 536 4029 esse
566 3961 713 4046 videtur,
743 3962 834 4048 quod
863 3962 1015 4030 librarius
1043 3962 1259 4046 nescioquis
1292 3960 1396 4027 verba

247 4062 384 4157 Ἡσιόδῳ
419 4071 457 4140 δὲ
492 4072 549 4139 καὶ
582 4065 800 4149 Ἀκουσδλεως
834 4064 983 4159 ὁμολογεῖ
1011 4064 1048 4148 ὃς
1087 4075 1197 4139 omisit
1233 4072 1338 4138 oeulis
1374 4052 1398 4137 a

248 4184 378 4271 syllaba
406 4208 444 4263 oc
472 4186 626 4255 vocabuli
646 4178 738 4278 ’Ἔρος
759 4188 795 4253 in
816 4173 855 4265 ὃς
874 4195 952 4253 aute
973 4184 1070 4275 appol
1082 4185 1245 4272 delapsis,
1276 4178 1396 4249 omnes

248 4306 358 4365 autem
385 4300 488 4367 uerba
514 4301 652 4389 margini
677 4296 847 4387 adscripta
869 4306 905 4365 et
925 4301 959 4363 in
985 4297 1126 4365 alienum
1153 4296 1260 4363 looum
1282 4304 1396 4363 nans·
