3159 4859
793 415 838 481 37

741 518 896 533 ΑΜΑΜΑΑΜΑΑΛΝ

240 664 336 708 raro
346 640 497 709 accidere
527 640 623 707 solet.
665 638 778 707 Veluti
807 638 997 705 Bedhamus
1023 642 1111 706 iusto
1140 642 1273 726 saepius
1301 638 1387 705 hanc

240 753 405 820 medelam
425 752 604 819 adhibuit
595 774 628 817 ro
651 751 791 839 dialogis
812 749 1025 836 Euthydemo
1054 760 1090 819 et
1108 750 1274 834 Lachete,
1300 774 1385 837 quos

239 868 325 931 iuter
348 886 386 932 ee
408 866 598 963 coniunctos
621 862 724 931 edidit
745 862 853 931 denas
876 863 969 934 1865.

326 1020 460 1087 Nunct
445 1024 650 1087 transeamus
671 1018 715 1087 sd
736 1018 828 1085 iocos
840 1018 1031 1086 Platonicos
1049 1018 1109 1086 tali
1124 1022 1252 1087 ratione
1270 1038 1385 1085 emen-

240 1134 377 1203 dandos.
409 1134 461 1201 Ac
482 1136 622 1223 primum
644 1132 776 1219 quidem
799 1132 842 1199 de
856 1136 897 1200 iis
915 1132 1170 1220 disputabimus,
1193 1134 1250 1218 qni
1271 1134 1385 1218 singu-

237 1248 282 1313 lis
304 1254 431 1314 tantum
452 1246 582 1331 verbis,
605 1244 725 1313 deinde
748 1244 790 1311 de
811 1246 870 1329 iis,
900 1244 958 1331 qni
980 1247 1210 1311 enuntiationis
1230 1245 1386 1311 membris

238 1360 295 1427 vei
316 1363 398 1447 ipsis
421 1358 696 1426 enuntiationibus
726 1356 883 1425 eiciendis
912 1357 1097 1447 corrigendi
1126 1378 1202 1425 csse
1222 1356 1385 1448 videntur.

326 1504 514 1598 Euthyphr.
530 1528 563 1595 p.
577 1508 616 1571 11
629 1505 675 1571 B:
695 1496 775 1574 Εὐθ.
787 1496 887 1585 Ἀλλ’,
897 1494 928 1570 nl
936 1496 1123 1595 Σώκρατες,
1139 1497 1199 1573 οὐκ
1211 1498 1275 1588 ἕχον
1287 1499 1386 1604 ἔρσην

239 1612 336 1699 ὅπως
350 1640 408 1703 σοι
419 1612 505 1687 sinn
525 1612 545 1685 d
563 1620 643 1687 νοώ·
667 1616 873 1713 περιέρχεται
889 1611 951 1711 γάρ
965 1642 1040 1702 πως
1056 1610 1132 1707 ἡμῖν
1149 1610 1287 1689 ἆολὸἂν
1298 1640 1386 1707 προ-

240 1726 403 1817 θώμεθα,
432 1730 489 1799 καὶ
518 1726 577 1799 οὐκ
604 1727 718 1799 ἐθέλει
743 1728 850 1813 με’νειν
877 1725 963 1799 ὅπου
991 1722 1031 1799 ἂν
1052 1722 1272 1819 ἱδρυσώμεθα
1294 1720 1384 1799 αὐτό.

239 1852 346 1935 Σωκρ.
372 1838 609 1935 Τοῦῆμιειέρου
625 1834 800 1935 προγόνου,
823 1832 1055 1934 ώΕώθώφρον,
1078 1840 1181 1913 ἔοικεν
1202 1837 1286 1914 εἶναι
1299 1849 1386 1916 Δαι-

241 1945 341 2025 δάλου
361 1948 404 2024 ccl
425 1947 492 2023 ὑπὸ
514 1956 574 2023 σοῦ
592 1944 755 2044 λεγόμενα.
801 1955 842 2022 In
867 1955 963 2023 Bodl
985 1956 1068 2025 Ven.
1090 1962 1126 2022 Π
1157 1965 1192 2023 et
1219 1956 1292 2022 aliis
1319 1978 1386 2022 non

239 2058 459 2157 προθώμεθα
484 2070 619 2157 legitur,
647 2068 709 2141 sed
731 2063 1010 2159 προθυμώμεθα.
1033 2058 1248 2161 προθώμεθα
1281 2068 1386 2137 Stall-

239 2184 407 2266 baumius,
438 2180 474 2247 C.
491 2181 530 2247 F.
547 2181 772 2267 Eumenous,
797 2164 995 2249 Turicenses
1017 2191 1214 2271 receperunt
1236 2182 1384 2249 deterio-

239 2318 294 2387 res
325 2294 456 2363 codices
479 2296 593 2361 secuti.
635 2294 707 2363 Sed
730 2276 784 2362 hic
808 2295 945 2363 verbum
966 2300 1046 2383 poni
1068 2296 1199 2381 debuit,
1229 2295 1320 2386 qnod
1341 2294 1384 2361 ad

240 2417 345 2475 artem
368 2429 501 2495 quoque
515 2411 706 2477 statuariam
718 2408 860 2475 Daedali
873 2418 989 2497 posset
1002 2410 1128 2476 referri.
1149 2409 1268 2495 Itaque
1280 2430 1385 2477 voca—

237 2522 352 2590 bulum
368 2514 612 2609 προθώμεθα,
634 2521 725 2619 quod
745 2521 864 2588 alias
854 2544 889 2587 rn
911 2520 1109 2621 disputando
1131 2524 1222 2590 recte
1240 2493 1385 2589 adbibe-

236 2644 306 2719 ινιτ,
327 2636 381 2702 hic
392 2634 480 2701 nihil
497 2634 611 2703 valere
627 2632 785 2701 videmus.
818 2629 899 2699 (iod.
911 2633 988 2700 Vct
1000 2639 1033 2702 A
1051 2637 1108 2721 qui
1125 2634 1227 2701 babet
1242 2625 1385 2727 προθώ-

236 2755 330 2833 μεθα
346 2739 607 2836 linostimos,
628 2744 723 2814 nobis
742 2754 867 2815 rectam
885 2749 974 2816 viam
991 2746 1188 2815 emendandi
1208 2756 1383 2835 monstrat3

236 2882 312 2929 narn
335 2882 379 2928 ox
402 2861 465 2927 hac
486 2860 629 2929 lectione
650 2868 790 2949 apparet
811 2859 1009 2927 vocabulum
1031 2860 1152 2949 glossis
1174 2881 1250 2927 esse
1271 2868 1383 2928 tenta-

235 2984 314 3041 tum.
358 2972 455 3041 Plato
480 2974 563 3039 enim
586 2974 718 3061 scripsit
741 2960 908 3055 θώμεθα,
935 2972 1026 3059 quod
1053 2974 1110 3042 alii
1137 2975 1383 3063 praepositione

235 3075 318 3179 πρό,
345 3085 403 3151 alii
433 3106 547 3173 praep.
569 3076 636 3153 ὑπὸ
661 3084 980 3171 interpretabantur3
1012 3086 1054 3152 cf.
1077 3105 1163 3173 quae
1190 3085 1271 3152 dicit
1290 3084 1382 3172 Socr.

235 3222 268 3289 p.
286 3202 324 3265 11
349 3198 395 3267 0:
423 3196 480 3264 καὶ
501 3195 532 3265 εἰ
552 3194 612 3283 μὲν
634 3188 718 3267 αὐτώ
739 3191 801 3287 ἐγώ
825 3193 934 3287 allapso
956 3196 1014 3264 καλ
1033 3195 1211 3287 ἐτιθέμην,
1238 3193 1383 3294 1ι’σοιςὶὂὶν

235 3335 277 3395 με
299 3308 509 3385 ἐπέσκωπτες
530 3345 571 3359 ·—-
595 3308 652 3380 ναὶ
674 3306 733 3379 οὐκ
749 3306 860 3384 ἐθέλει
879 3307 987 3394 μένειν
1001 3303 1087 3381 ὅπου
1100 3302 1140 3380 o'e'r
1158 3334 1209 3389 ιις
1223 3305 1307 3383 αὐτοὶ
1322 3316 1381 3403 θῇ

235 3424 287 3491 Αο
315 3426 476 3511 suspicari
504 3424 583 3493 lieet
612 3426 646 3491 in
673 3425 758 3493 libro
793 3447 813 3491 e
843 3447 909 3511 quo
939 3424 1034 3491 Bodl.
1055 3424 1138 3491 Ven.
1155 3432 1192 3491 Π
1211 3435 1246 3493 et
1262 3426 1338 3493 Vat
1352 3431 1386 3496 Δ

235 3536 394 3625 descripti
414 3546 506 3621 sunt,
529 3538 726 3606 vocabulum
748 3539 813 3605 hoc
834 3536 933 3606 modo
954 3540 1078 3627 pictum
1099 3539 1216 3605 fuisse

441 3690 509 3753 προ
531 3658 598 3735 ὕπο

528 3779 686 3863 θώμεθα.

234 3906 316 3974 Inde
344 3908 467 3975 librarii
489 3909 663 3977 Bodleiani
693 3911 896 3998 aliorumque
918 3910 1067 3979 codicum
1088 3912 1271 3980 elicuerunt
1292 3938 1379 4001 προ-

236 4009 446 4103 θυμώμεθαλ,
475 4022 626 4089 librarius
648 4032 759 4090 autem
781 4024 933 4091 Vaticani
944 4031 992 4108 Δ,
1019 4029 1165 4093 incertus
1187 4026 1267 4112 quid
1288 4036 1379 4093 recte

234 4152 271 4197 se
293 4131 447 4216 baberet,
469 4134 601 4221 scripsit
613 4128 829 4221 προθώμεθα
845 4128 864 4223 ἢ
880 4127 1106 4220 ὑποθώμεθο.
1139 4136 1248 4204 Etiam
1271 4138 1379 4206 Char-

232 4242 338 4310 mides
358 4244 455 4312 nobis
484 4246 588 4313 simile
620 4246 809 4333 exemplum
838 4247 1030 4335 suppeditat
1058 4250 1134 4317 talis
1161 4254 1378 4339 corruptionis

233 4378 266 4444 p.
288 4356 350 4423 161
378 4356 426 4441 B,
456 4356 513 4425 nbi
539 4358 699 4445 scriptum
727 4366 840 4426 extat:
868 4352 937 4427 Οὐκ
958 4354 1024 4451 ἄρα
1045 4354 1242 4453 σωφροσύνη
1264 4356 1305 4433 ἂν
1324 4359 1378 4456 εἴη
